%YAML 1.1
%TAG !u! tag:unity3d.com,2011:
--- !u!29 &1
OcclusionCullingSettings:
  m_ObjectHideFlags: 0
  serializedVersion: 2
  m_OcclusionBakeSettings:
    smallestOccluder: 5
    smallestHole: 0.25
    backfaceThreshold: 100
  m_SceneGUID: 00000000000000000000000000000000
  m_OcclusionCullingData: {fileID: 0}
--- !u!104 &2
RenderSettings:
  m_ObjectHideFlags: 0
  serializedVersion: 9
  m_Fog: 0
  m_FogColor: {r: 0.5, g: 0.5, b: 0.5, a: 1}
  m_FogMode: 3
  m_FogDensity: 0.01
  m_LinearFogStart: 0
  m_LinearFogEnd: 300
  m_AmbientSkyColor: {r: 0.212, g: 0.227, b: 0.259, a: 1}
  m_AmbientEquatorColor: {r: 0.114, g: 0.125, b: 0.133, a: 1}
  m_AmbientGroundColor: {r: 0.047, g: 0.043, b: 0.035, a: 1}
  m_AmbientIntensity: 1
  m_AmbientMode: 0
  m_SubtractiveShadowColor: {r: 0.42, g: 0.478, b: 0.627, a: 1}
  m_SkyboxMaterial: {fileID: 10304, guid: 0000000000000000f000000000000000, type: 0}
  m_HaloStrength: 0.5
  m_FlareStrength: 1
  m_FlareFadeSpeed: 3
  m_HaloTexture: {fileID: 0}
  m_SpotCookie: {fileID: 10001, guid: 0000000000000000e000000000000000, type: 0}
  m_DefaultReflectionMode: 0
  m_DefaultReflectionResolution: 128
  m_ReflectionBounces: 1
  m_ReflectionIntensity: 1
  m_CustomReflection: {fileID: 0}
  m_Sun: {fileID: 705507994}
  m_IndirectSpecularColor: {r: 0.45009696, g: 0.49760187, b: 0.5618131, a: 1}
  m_UseRadianceAmbientProbe: 0
--- !u!157 &3
LightmapSettings:
  m_ObjectHideFlags: 0
  serializedVersion: 11
  m_GIWorkflowMode: 0
  m_GISettings:
    serializedVersion: 2
    m_BounceScale: 1
    m_IndirectOutputScale: 1
    m_AlbedoBoost: 1
    m_EnvironmentLightingMode: 0
    m_EnableBakedLightmaps: 1
    m_EnableRealtimeLightmaps: 0
  m_LightmapEditorSettings:
    serializedVersion: 12
    m_Resolution: 2
    m_BakeResolution: 40
    m_AtlasSize: 1024
    m_AO: 0
    m_AOMaxDistance: 1
    m_CompAOExponent: 1
    m_CompAOExponentDirect: 0
    m_ExtractAmbientOcclusion: 0
    m_Padding: 2
    m_LightmapParameters: {fileID: 0}
    m_LightmapsBakeMode: 1
    m_TextureCompression: 1
    m_FinalGather: 0
    m_FinalGatherFiltering: 1
    m_FinalGatherRayCount: 256
    m_ReflectionCompression: 2
    m_MixedBakeMode: 2
    m_BakeBackend: 1
    m_PVRSampling: 1
    m_PVRDirectSampleCount: 32
    m_PVRSampleCount: 500
    m_PVRBounces: 2
    m_PVREnvironmentSampleCount: 500
    m_PVREnvironmentReferencePointCount: 2048
    m_PVRFilteringMode: 2
    m_PVRDenoiserTypeDirect: 0
    m_PVRDenoiserTypeIndirect: 0
    m_PVRDenoiserTypeAO: 0
    m_PVRFilterTypeDirect: 0
    m_PVRFilterTypeIndirect: 0
    m_PVRFilterTypeAO: 0
    m_PVREnvironmentMIS: 0
    m_PVRCulling: 1
    m_PVRFilteringGaussRadiusDirect: 1
    m_PVRFilteringGaussRadiusIndirect: 5
    m_PVRFilteringGaussRadiusAO: 2
    m_PVRFilteringAtrousPositionSigmaDirect: 0.5
    m_PVRFilteringAtrousPositionSigmaIndirect: 2
    m_PVRFilteringAtrousPositionSigmaAO: 1
    m_ExportTrainingData: 0
    m_TrainingDataDestination: TrainingData
  m_LightingDataAsset: {fileID: 0}
  m_UseShadowmask: 1
--- !u!196 &4
NavMeshSettings:
  serializedVersion: 2
  m_ObjectHideFlags: 0
  m_BuildSettings:
    serializedVersion: 2
    agentTypeID: 0
    agentRadius: 0.5
    agentHeight: 2
    agentSlope: 45
    agentClimb: 0.4
    ledgeDropHeight: 0
    maxJumpAcrossDistance: 0
    minRegionArea: 2
    manualCellSize: 0
    cellSize: 0.16666667
    manualTileSize: 0
    tileSize: 256
    accuratePlacement: 0
    debug:
      m_Flags: 0
  m_NavMeshData: {fileID: 23800000, guid: 8423df6bf696e8444919f7f16d757d0c, type: 2}
--- !u!114 &164526136 stripped
MonoBehaviour:
  m_CorrespondingSourceObject: {fileID: 871472858558518692, guid: 957f7fdc44ffb98438474a269bdd871f,
    type: 3}
  m_PrefabInstance: {fileID: 3273698423807894937}
  m_PrefabAsset: {fileID: 0}
  m_GameObject: {fileID: 0}
  m_Enabled: 1
  m_EditorHideFlags: 0
  m_Script: {fileID: 11500000, guid: 5f7201a12d95ffc409449d95f23cf332, type: 3}
  m_Name: 
  m_EditorClassIdentifier: 
--- !u!114 &257370497 stripped
MonoBehaviour:
  m_CorrespondingSourceObject: {fileID: 3273698423920151576, guid: 957f7fdc44ffb98438474a269bdd871f,
    type: 3}
  m_PrefabInstance: {fileID: 3273698423807894937}
  m_PrefabAsset: {fileID: 0}
  m_GameObject: {fileID: 0}
  m_Enabled: 1
  m_EditorHideFlags: 0
  m_Script: {fileID: 11500000, guid: fe87c0e1cc204ed48ad3b37840f39efc, type: 3}
  m_Name: 
  m_EditorClassIdentifier: 
--- !u!114 &660214219 stripped
MonoBehaviour:
  m_CorrespondingSourceObject: {fileID: 3273698423249400914, guid: 957f7fdc44ffb98438474a269bdd871f,
    type: 3}
  m_PrefabInstance: {fileID: 3273698423807894937}
  m_PrefabAsset: {fileID: 0}
  m_GameObject: {fileID: 0}
  m_Enabled: 1
  m_EditorHideFlags: 0
  m_Script: {fileID: 11500000, guid: 5f7201a12d95ffc409449d95f23cf332, type: 3}
  m_Name: 
  m_EditorClassIdentifier: 
--- !u!1 &705507993
GameObject:
  m_ObjectHideFlags: 0
  m_CorrespondingSourceObject: {fileID: 0}
  m_PrefabInstance: {fileID: 0}
  m_PrefabAsset: {fileID: 0}
  serializedVersion: 6
  m_Component:
  - component: {fileID: 705507995}
  - component: {fileID: 705507994}
  m_Layer: 0
  m_Name: Directional Light
  m_TagString: Untagged
  m_Icon: {fileID: 0}
  m_NavMeshLayer: 0
  m_StaticEditorFlags: 0
  m_IsActive: 1
--- !u!108 &705507994
Light:
  m_ObjectHideFlags: 0
  m_CorrespondingSourceObject: {fileID: 0}
  m_PrefabInstance: {fileID: 0}
  m_PrefabAsset: {fileID: 0}
  m_GameObject: {fileID: 705507993}
  m_Enabled: 1
  serializedVersion: 9
  m_Type: 1
  m_Color: {r: 1, g: 0.95686275, b: 0.8392157, a: 1}
  m_Intensity: 1
  m_Range: 10
  m_SpotAngle: 30
  m_InnerSpotAngle: 21.80208
  m_CookieSize: 10
  m_Shadows:
    m_Type: 2
    m_Resolution: -1
    m_CustomResolution: -1
    m_Strength: 1
    m_Bias: 0.05
    m_NormalBias: 0.4
    m_NearPlane: 0.2
    m_CullingMatrixOverride:
      e00: 1
      e01: 0
      e02: 0
      e03: 0
      e10: 0
      e11: 1
      e12: 0
      e13: 0
      e20: 0
      e21: 0
      e22: 1
      e23: 0
      e30: 0
      e31: 0
      e32: 0
      e33: 1
    m_UseCullingMatrixOverride: 0
  m_Cookie: {fileID: 0}
  m_DrawHalo: 0
  m_Flare: {fileID: 0}
  m_RenderMode: 0
  m_CullingMask:
    serializedVersion: 2
    m_Bits: 4294967295
  m_RenderingLayerMask: 1
  m_Lightmapping: 1
  m_LightShadowCasterMode: 0
  m_AreaSize: {x: 1, y: 1}
  m_BounceIntensity: 1
  m_ColorTemperature: 6570
  m_UseColorTemperature: 0
  m_BoundingSphereOverride: {x: 0, y: 0, z: 0, w: 4e-45}
  m_UseBoundingSphereOverride: 0
  m_ShadowRadius: 0
  m_ShadowAngle: 0
--- !u!4 &705507995
Transform:
  m_ObjectHideFlags: 0
  m_CorrespondingSourceObject: {fileID: 0}
  m_PrefabInstance: {fileID: 0}
  m_PrefabAsset: {fileID: 0}
  m_GameObject: {fileID: 705507993}
  m_LocalRotation: {x: 0.15041701, y: -0.47767627, z: 0.10936018, w: 0.85862714}
  m_LocalPosition: {x: 0, y: 3, z: 0}
  m_LocalScale: {x: 1, y: 1, z: 1}
  m_Children: []
  m_Father: {fileID: 0}
  m_RootOrder: 6
  m_LocalEulerAnglesHint: {x: 21.271002, y: -57.667004, z: 2.7120001}
--- !u!1 &1529163956
GameObject:
  m_ObjectHideFlags: 0
  m_CorrespondingSourceObject: {fileID: 0}
  m_PrefabInstance: {fileID: 0}
  m_PrefabAsset: {fileID: 0}
  serializedVersion: 6
  m_Component:
  - component: {fileID: 1529163958}
  - component: {fileID: 1529163959}
  - component: {fileID: 1529163960}
  - component: {fileID: 1529163961}
  - component: {fileID: 1529163962}
  m_Layer: 0
  m_Name: Scripter
  m_TagString: Scripter
  m_Icon: {fileID: 0}
  m_NavMeshLayer: 0
  m_StaticEditorFlags: 0
  m_IsActive: 1
--- !u!4 &1529163958
Transform:
  m_ObjectHideFlags: 0
  m_CorrespondingSourceObject: {fileID: 0}
  m_PrefabInstance: {fileID: 0}
  m_PrefabAsset: {fileID: 0}
  m_GameObject: {fileID: 1529163956}
  m_LocalRotation: {x: 0, y: 0, z: 0, w: 1}
  m_LocalPosition: {x: 116.34018, y: 0.9049612, z: 288.72775}
  m_LocalScale: {x: 1, y: 1, z: 1}
  m_Children: []
  m_Father: {fileID: 0}
  m_RootOrder: 3
  m_LocalEulerAnglesHint: {x: 0, y: 0, z: 0}
--- !u!114 &1529163959
MonoBehaviour:
  m_ObjectHideFlags: 0
  m_CorrespondingSourceObject: {fileID: 0}
  m_PrefabInstance: {fileID: 0}
  m_PrefabAsset: {fileID: 0}
  m_GameObject: {fileID: 1529163956}
  m_Enabled: 1
  m_EditorHideFlags: 0
  m_Script: {fileID: 11500000, guid: 41f51120954de5b46a85c1edd4e34192, type: 3}
  m_Name: 
  m_EditorClassIdentifier: 
  enemyPrefab: {fileID: 3990426606183118939, guid: 3107f3889c3f88c479bed6aa48b7206b,
    type: 3}
  player: {fileID: 0}
--- !u!114 &1529163960
MonoBehaviour:
  m_ObjectHideFlags: 0
  m_CorrespondingSourceObject: {fileID: 0}
  m_PrefabInstance: {fileID: 0}
  m_PrefabAsset: {fileID: 0}
  m_GameObject: {fileID: 1529163956}
  m_Enabled: 1
  m_EditorHideFlags: 0
  m_Script: {fileID: 11500000, guid: ed0164133c04b1a4db8c65e83b343ea2, type: 3}
  m_Name: 
  m_EditorClassIdentifier: 
  lifePrefab: {fileID: 5727858371885071513, guid: 15a9a0721ac9f7c4c9fdd9d10b13a155,
    type: 3}
  player: {fileID: 0}
--- !u!114 &1529163961
MonoBehaviour:
  m_ObjectHideFlags: 0
  m_CorrespondingSourceObject: {fileID: 0}
  m_PrefabInstance: {fileID: 0}
  m_PrefabAsset: {fileID: 0}
  m_GameObject: {fileID: 1529163956}
  m_Enabled: 1
  m_EditorHideFlags: 0
  m_Script: {fileID: 11500000, guid: 5038d24e7ce425245a419abadd89c3ca, type: 3}
  m_Name: 
  m_EditorClassIdentifier: 
  plusPrefab: {fileID: 3684952770623798365, guid: e04b0dedde1d8924e874747e8ad9cb6b,
    type: 3}
  player: {fileID: 0}
--- !u!114 &1529163962
MonoBehaviour:
  m_ObjectHideFlags: 0
  m_CorrespondingSourceObject: {fileID: 0}
  m_PrefabInstance: {fileID: 0}
  m_PrefabAsset: {fileID: 0}
  m_GameObject: {fileID: 1529163956}
  m_Enabled: 1
  m_EditorHideFlags: 0
  m_Script: {fileID: 11500000, guid: 1cd525023b8da1d43bd99f8c44b713ac, type: 3}
  m_Name: 
  m_EditorClassIdentifier: 
--- !u!1001 &1800695555
PrefabInstance:
  m_ObjectHideFlags: 0
  serializedVersion: 2
  m_Modification:
    m_TransformParent: {fileID: 0}
    m_Modifications:
    - target: {fileID: 7193900065131414413, guid: 91afc0d13a4c66142be8032602710461,
        type: 3}
      propertyPath: m_LocalPosition.x
      value: 337.45
      objectReference: {fileID: 0}
    - target: {fileID: 7193900065131414413, guid: 91afc0d13a4c66142be8032602710461,
        type: 3}
      propertyPath: m_LocalPosition.y
      value: 5.48
      objectReference: {fileID: 0}
    - target: {fileID: 7193900065131414413, guid: 91afc0d13a4c66142be8032602710461,
        type: 3}
      propertyPath: m_LocalPosition.z
      value: 291.45
      objectReference: {fileID: 0}
    - target: {fileID: 7193900065131414413, guid: 91afc0d13a4c66142be8032602710461,
        type: 3}
      propertyPath: m_LocalRotation.x
      value: -0.7071068
      objectReference: {fileID: 0}
    - target: {fileID: 7193900065131414413, guid: 91afc0d13a4c66142be8032602710461,
        type: 3}
      propertyPath: m_LocalRotation.y
      value: 0
      objectReference: {fileID: 0}
    - target: {fileID: 7193900065131414413, guid: 91afc0d13a4c66142be8032602710461,
        type: 3}
      propertyPath: m_LocalRotation.z
      value: 0
      objectReference: {fileID: 0}
    - target: {fileID: 7193900065131414413, guid: 91afc0d13a4c66142be8032602710461,
        type: 3}
      propertyPath: m_LocalRotation.w
      value: 0.7071068
      objectReference: {fileID: 0}
    - target: {fileID: 7193900065131414413, guid: 91afc0d13a4c66142be8032602710461,
        type: 3}
      propertyPath: m_RootOrder
      value: 1
      objectReference: {fileID: 0}
    - target: {fileID: 7193900065131414413, guid: 91afc0d13a4c66142be8032602710461,
        type: 3}
      propertyPath: m_LocalEulerAnglesHint.x
      value: -90
      objectReference: {fileID: 0}
    - target: {fileID: 7193900065131414413, guid: 91afc0d13a4c66142be8032602710461,
        type: 3}
      propertyPath: m_LocalEulerAnglesHint.y
      value: 0
      objectReference: {fileID: 0}
    - target: {fileID: 7193900065131414413, guid: 91afc0d13a4c66142be8032602710461,
        type: 3}
      propertyPath: m_LocalEulerAnglesHint.z
      value: 0
      objectReference: {fileID: 0}
    - target: {fileID: 7194612015652231355, guid: 91afc0d13a4c66142be8032602710461,
        type: 3}
      propertyPath: m_Name
      value: Ultra
      objectReference: {fileID: 0}
    m_RemovedComponents: []
  m_SourcePrefab: {fileID: 100100000, guid: 91afc0d13a4c66142be8032602710461, type: 3}
--- !u!1 &1824983709
GameObject:
  m_ObjectHideFlags: 0
  m_CorrespondingSourceObject: {fileID: 0}
  m_PrefabInstance: {fileID: 0}
  m_PrefabAsset: {fileID: 0}
  serializedVersion: 6
  m_Component:
  - component: {fileID: 1824983712}
  - component: {fileID: 1824983711}
  - component: {fileID: 1824983710}
  m_Layer: 0
  m_Name: EventSystem
  m_TagString: Untagged
  m_Icon: {fileID: 0}
  m_NavMeshLayer: 0
  m_StaticEditorFlags: 0
  m_IsActive: 1
--- !u!114 &1824983710
MonoBehaviour:
  m_ObjectHideFlags: 0
  m_CorrespondingSourceObject: {fileID: 0}
  m_PrefabInstance: {fileID: 0}
  m_PrefabAsset: {fileID: 0}
  m_GameObject: {fileID: 1824983709}
  m_Enabled: 1
  m_EditorHideFlags: 0
  m_Script: {fileID: 11500000, guid: 4f231c4fb786f3946a6b90b886c48677, type: 3}
  m_Name: 
  m_EditorClassIdentifier: 
  m_HorizontalAxis: Horizontal
  m_VerticalAxis: Vertical
  m_SubmitButton: Submit
  m_CancelButton: Cancel
  m_InputActionsPerSecond: 10
  m_RepeatDelay: 0.5
  m_ForceModuleActive: 0
--- !u!114 &1824983711
MonoBehaviour:
  m_ObjectHideFlags: 0
  m_CorrespondingSourceObject: {fileID: 0}
  m_PrefabInstance: {fileID: 0}
  m_PrefabAsset: {fileID: 0}
  m_GameObject: {fileID: 1824983709}
  m_Enabled: 1
  m_EditorHideFlags: 0
  m_Script: {fileID: 11500000, guid: 76c392e42b5098c458856cdf6ecaaaa1, type: 3}
  m_Name: 
  m_EditorClassIdentifier: 
  m_FirstSelected: {fileID: 0}
  m_sendNavigationEvents: 1
  m_DragThreshold: 10
--- !u!4 &1824983712
Transform:
  m_ObjectHideFlags: 0
  m_CorrespondingSourceObject: {fileID: 0}
  m_PrefabInstance: {fileID: 0}
  m_PrefabAsset: {fileID: 0}
  m_GameObject: {fileID: 1824983709}
  m_LocalRotation: {x: 0, y: 0, z: 0, w: 1}
  m_LocalPosition: {x: 0, y: 0, z: 0}
  m_LocalScale: {x: 1, y: 1, z: 1}
  m_Children: []
  m_Father: {fileID: 0}
  m_RootOrder: 4
  m_LocalEulerAnglesHint: {x: 0, y: 0, z: 0}
--- !u!1001 &357371134636392320
PrefabInstance:
  m_ObjectHideFlags: 0
  serializedVersion: 2
  m_Modification:
    m_TransformParent: {fileID: 0}
    m_Modifications:
    - target: {fileID: 357371134245681375, guid: 8b8d510709b248c468fb25997f44173d,
        type: 3}
      propertyPath: m_Name
      value: Terrain
      objectReference: {fileID: 0}
    - target: {fileID: 357371134245681378, guid: 8b8d510709b248c468fb25997f44173d,
        type: 3}
      propertyPath: m_LocalPosition.x
      value: -205
      objectReference: {fileID: 0}
    - target: {fileID: 357371134245681378, guid: 8b8d510709b248c468fb25997f44173d,
        type: 3}
      propertyPath: m_LocalPosition.y
      value: 0
      objectReference: {fileID: 0}
    - target: {fileID: 357371134245681378, guid: 8b8d510709b248c468fb25997f44173d,
        type: 3}
      propertyPath: m_LocalPosition.z
      value: -129
      objectReference: {fileID: 0}
    - target: {fileID: 357371134245681378, guid: 8b8d510709b248c468fb25997f44173d,
        type: 3}
      propertyPath: m_LocalRotation.x
      value: 0
      objectReference: {fileID: 0}
    - target: {fileID: 357371134245681378, guid: 8b8d510709b248c468fb25997f44173d,
        type: 3}
      propertyPath: m_LocalRotation.y
      value: 0
      objectReference: {fileID: 0}
    - target: {fileID: 357371134245681378, guid: 8b8d510709b248c468fb25997f44173d,
        type: 3}
      propertyPath: m_LocalRotation.z
      value: 0
      objectReference: {fileID: 0}
    - target: {fileID: 357371134245681378, guid: 8b8d510709b248c468fb25997f44173d,
        type: 3}
      propertyPath: m_LocalRotation.w
      value: 1
      objectReference: {fileID: 0}
    - target: {fileID: 357371134245681378, guid: 8b8d510709b248c468fb25997f44173d,
        type: 3}
      propertyPath: m_RootOrder
      value: 7
      objectReference: {fileID: 0}
    - target: {fileID: 357371134245681378, guid: 8b8d510709b248c468fb25997f44173d,
        type: 3}
      propertyPath: m_LocalEulerAnglesHint.x
      value: 0
      objectReference: {fileID: 0}
    - target: {fileID: 357371134245681378, guid: 8b8d510709b248c468fb25997f44173d,
        type: 3}
      propertyPath: m_LocalEulerAnglesHint.y
      value: 0
      objectReference: {fileID: 0}
    - target: {fileID: 357371134245681378, guid: 8b8d510709b248c468fb25997f44173d,
        type: 3}
      propertyPath: m_LocalEulerAnglesHint.z
      value: 0
      objectReference: {fileID: 0}
    m_RemovedComponents: []
  m_SourcePrefab: {fileID: 100100000, guid: 8b8d510709b248c468fb25997f44173d, type: 3}
--- !u!1001 &3273698423807894937
PrefabInstance:
  m_ObjectHideFlags: 0
  serializedVersion: 2
  m_Modification:
    m_TransformParent: {fileID: 0}
    m_Modifications:
    - target: {fileID: 705665429726927937, guid: 957f7fdc44ffb98438474a269bdd871f,
        type: 3}
      propertyPath: m_AnchoredPosition.x
      value: 0.00006103512
      objectReference: {fileID: 0}
    - target: {fileID: 705665429726927937, guid: 957f7fdc44ffb98438474a269bdd871f,
        type: 3}
      propertyPath: m_LocalPosition.z
      value: -0.0002288818
      objectReference: {fileID: 0}
    - target: {fileID: 705665429726927937, guid: 957f7fdc44ffb98438474a269bdd871f,
        type: 3}
      propertyPath: m_AnchorMin.x
      value: 0
      objectReference: {fileID: 0}
    - target: {fileID: 705665429726927937, guid: 957f7fdc44ffb98438474a269bdd871f,
        type: 3}
      propertyPath: m_AnchoredPosition.y
      value: 74
      objectReference: {fileID: 0}
    - target: {fileID: 705665429726927937, guid: 957f7fdc44ffb98438474a269bdd871f,
        type: 3}
      propertyPath: m_SizeDelta.x
      value: 0
      objectReference: {fileID: 0}
    - target: {fileID: 705665429726927937, guid: 957f7fdc44ffb98438474a269bdd871f,
        type: 3}
      propertyPath: m_Pivot.x
      value: 0.5
      objectReference: {fileID: 0}
    - target: {fileID: 871472858558518692, guid: 957f7fdc44ffb98438474a269bdd871f,
        type: 3}
      propertyPath: m_FontData.m_FontSize
      value: 14
      objectReference: {fileID: 0}
    - target: {fileID: 3273698423249400912, guid: 957f7fdc44ffb98438474a269bdd871f,
        type: 3}
      propertyPath: m_TagString
      value: ScoreText
      objectReference: {fileID: 0}
    - target: {fileID: 3273698423495400789, guid: 957f7fdc44ffb98438474a269bdd871f,
        type: 3}
      propertyPath: m_LocalPosition.z
      value: 0
      objectReference: {fileID: 0}
    - target: {fileID: 3273698423920151576, guid: 957f7fdc44ffb98438474a269bdd871f,
        type: 3}
      propertyPath: m_FillAmount
      value: 1
      objectReference: {fileID: 0}
    - target: {fileID: 3273698423920151577, guid: 957f7fdc44ffb98438474a269bdd871f,
        type: 3}
      propertyPath: m_LocalPosition.z
      value: -0.00012207031
      objectReference: {fileID: 0}
    - target: {fileID: 3273698423920151577, guid: 957f7fdc44ffb98438474a269bdd871f,
        type: 3}
      propertyPath: m_AnchorMin.x
      value: 0
      objectReference: {fileID: 0}
    - target: {fileID: 3273698423920151577, guid: 957f7fdc44ffb98438474a269bdd871f,
        type: 3}
      propertyPath: m_AnchorMin.y
      value: 0
      objectReference: {fileID: 0}
    - target: {fileID: 3273698423920151577, guid: 957f7fdc44ffb98438474a269bdd871f,
        type: 3}
      propertyPath: m_AnchorMax.x
      value: 1
      objectReference: {fileID: 0}
    - target: {fileID: 3273698423920151577, guid: 957f7fdc44ffb98438474a269bdd871f,
        type: 3}
      propertyPath: m_AnchorMax.y
      value: 1
      objectReference: {fileID: 0}
    - target: {fileID: 3273698423920151577, guid: 957f7fdc44ffb98438474a269bdd871f,
        type: 3}
      propertyPath: m_AnchoredPosition.x
      value: 0.000061035134
      objectReference: {fileID: 0}
    - target: {fileID: 3273698423920151577, guid: 957f7fdc44ffb98438474a269bdd871f,
        type: 3}
      propertyPath: m_SizeDelta.x
      value: 0
      objectReference: {fileID: 0}
    - target: {fileID: 3273698423920151577, guid: 957f7fdc44ffb98438474a269bdd871f,
        type: 3}
      propertyPath: m_SizeDelta.y
      value: 0
      objectReference: {fileID: 0}
    - target: {fileID: 3273698423920151782, guid: 957f7fdc44ffb98438474a269bdd871f,
        type: 3}
      propertyPath: m_TagString
      value: HealthBar
      objectReference: {fileID: 0}
    - target: {fileID: 3273698424789734242, guid: 957f7fdc44ffb98438474a269bdd871f,
        type: 3}
      propertyPath: m_SizeDelta.y
      value: 20
      objectReference: {fileID: 0}
    - target: {fileID: 3273698424789734244, guid: 957f7fdc44ffb98438474a269bdd871f,
        type: 3}
      propertyPath: m_CullTransparentMesh
      value: 0
      objectReference: {fileID: 0}
    - target: {fileID: 3273698424789734245, guid: 957f7fdc44ffb98438474a269bdd871f,
        type: 3}
      propertyPath: m_Sprite
      value: 
      objectReference: {fileID: 21300000, guid: c0e96cbb01fbb444fad3778c503ed272,
        type: 3}
    - target: {fileID: 3273698424789734245, guid: 957f7fdc44ffb98438474a269bdd871f,
        type: 3}
      propertyPath: m_Color.a
      value: 0.4745098
      objectReference: {fileID: 0}
    - target: {fileID: 3273698424789734245, guid: 957f7fdc44ffb98438474a269bdd871f,
        type: 3}
      propertyPath: m_Type
      value: 3
      objectReference: {fileID: 0}
    - target: {fileID: 3273698424789734245, guid: 957f7fdc44ffb98438474a269bdd871f,
        type: 3}
      propertyPath: m_FillAmount
      value: 1
      objectReference: {fileID: 0}
    - target: {fileID: 3273698424789734245, guid: 957f7fdc44ffb98438474a269bdd871f,
        type: 3}
      propertyPath: m_FillMethod
      value: 0
      objectReference: {fileID: 0}
    - target: {fileID: 3273698424789734245, guid: 957f7fdc44ffb98438474a269bdd871f,
        type: 3}
      propertyPath: m_FillOrigin
      value: 0
      objectReference: {fileID: 0}
    - target: {fileID: 6452149087087757467, guid: 957f7fdc44ffb98438474a269bdd871f,
        type: 3}
      propertyPath: m_LocalPosition.x
      value: -40
      objectReference: {fileID: 0}
    - target: {fileID: 6452149087087757467, guid: 957f7fdc44ffb98438474a269bdd871f,
        type: 3}
      propertyPath: m_LocalPosition.y
      value: 0
      objectReference: {fileID: 0}
    - target: {fileID: 6452149087087757467, guid: 957f7fdc44ffb98438474a269bdd871f,
        type: 3}
      propertyPath: m_LocalPosition.z
      value: 200
      objectReference: {fileID: 0}
    - target: {fileID: 6452149087087757467, guid: 957f7fdc44ffb98438474a269bdd871f,
        type: 3}
      propertyPath: m_LocalRotation.x
      value: 0
      objectReference: {fileID: 0}
    - target: {fileID: 6452149087087757467, guid: 957f7fdc44ffb98438474a269bdd871f,
        type: 3}
      propertyPath: m_LocalRotation.y
      value: 0.7071068
      objectReference: {fileID: 0}
    - target: {fileID: 6452149087087757467, guid: 957f7fdc44ffb98438474a269bdd871f,
        type: 3}
      propertyPath: m_LocalRotation.z
      value: 0
      objectReference: {fileID: 0}
    - target: {fileID: 6452149087087757467, guid: 957f7fdc44ffb98438474a269bdd871f,
        type: 3}
      propertyPath: m_LocalRotation.w
      value: 0.7071068
      objectReference: {fileID: 0}
    - target: {fileID: 6452149087087757467, guid: 957f7fdc44ffb98438474a269bdd871f,
        type: 3}
      propertyPath: m_RootOrder
      value: 0
      objectReference: {fileID: 0}
    - target: {fileID: 6452149087087757467, guid: 957f7fdc44ffb98438474a269bdd871f,
        type: 3}
      propertyPath: m_LocalEulerAnglesHint.x
      value: 0
      objectReference: {fileID: 0}
    - target: {fileID: 6452149087087757467, guid: 957f7fdc44ffb98438474a269bdd871f,
        type: 3}
      propertyPath: m_LocalEulerAnglesHint.y
      value: 90
      objectReference: {fileID: 0}
    - target: {fileID: 6452149087087757467, guid: 957f7fdc44ffb98438474a269bdd871f,
        type: 3}
      propertyPath: m_LocalEulerAnglesHint.z
      value: 0
      objectReference: {fileID: 0}
    - target: {fileID: 6452149087087989947, guid: 957f7fdc44ffb98438474a269bdd871f,
        type: 3}
      propertyPath: m_Name
      value: PlayerFinal
      objectReference: {fileID: 0}
    - target: {fileID: 8922335043478800224, guid: 957f7fdc44ffb98438474a269bdd871f,
        type: 3}
      propertyPath: m_TagString
      value: ObjectiveText
      objectReference: {fileID: 0}
    m_RemovedComponents: []
  m_SourcePrefab: {fileID: 100100000, guid: 957f7fdc44ffb98438474a269bdd871f, type: 3}
--- !u!1001 &4926925441760087186
PrefabInstance:
  m_ObjectHideFlags: 0
  serializedVersion: 2
  m_Modification:
    m_TransformParent: {fileID: 0}
    m_Modifications:
    - target: {fileID: 4926925440773842274, guid: 024accb1c14f37e45a81cec51ad7b263,
        type: 3}
      propertyPath: m_LocalPosition.x
      value: 316.67245
      objectReference: {fileID: 0}
    - target: {fileID: 4926925440773842274, guid: 024accb1c14f37e45a81cec51ad7b263,
        type: 3}
      propertyPath: m_LocalPosition.y
      value: 164.57799
      objectReference: {fileID: 0}
    - target: {fileID: 4926925440773842274, guid: 024accb1c14f37e45a81cec51ad7b263,
        type: 3}
      propertyPath: m_LocalPosition.z
      value: -61.25
      objectReference: {fileID: 0}
    - target: {fileID: 4926925440773842274, guid: 024accb1c14f37e45a81cec51ad7b263,
        type: 3}
      propertyPath: m_LocalRotation.x
      value: 0
      objectReference: {fileID: 0}
    - target: {fileID: 4926925440773842274, guid: 024accb1c14f37e45a81cec51ad7b263,
        type: 3}
      propertyPath: m_LocalRotation.y
      value: 0
      objectReference: {fileID: 0}
    - target: {fileID: 4926925440773842274, guid: 024accb1c14f37e45a81cec51ad7b263,
        type: 3}
      propertyPath: m_LocalRotation.z
      value: 0
      objectReference: {fileID: 0}
    - target: {fileID: 4926925440773842274, guid: 024accb1c14f37e45a81cec51ad7b263,
        type: 3}
      propertyPath: m_LocalRotation.w
      value: 1
      objectReference: {fileID: 0}
    - target: {fileID: 4926925440773842274, guid: 024accb1c14f37e45a81cec51ad7b263,
        type: 3}
      propertyPath: m_RootOrder
      value: 8
      objectReference: {fileID: 0}
    - target: {fileID: 4926925440773842274, guid: 024accb1c14f37e45a81cec51ad7b263,
        type: 3}
      propertyPath: m_LocalEulerAnglesHint.x
      value: 0
      objectReference: {fileID: 0}
    - target: {fileID: 4926925440773842274, guid: 024accb1c14f37e45a81cec51ad7b263,
        type: 3}
      propertyPath: m_LocalEulerAnglesHint.y
      value: 0
      objectReference: {fileID: 0}
    - target: {fileID: 4926925440773842274, guid: 024accb1c14f37e45a81cec51ad7b263,
        type: 3}
      propertyPath: m_LocalEulerAnglesHint.z
      value: 0
      objectReference: {fileID: 0}
    - target: {fileID: 4926925440773842300, guid: 024accb1c14f37e45a81cec51ad7b263,
        type: 3}
      propertyPath: m_Name
      value: MainScript
      objectReference: {fileID: 0}
    - target: {fileID: 4926925440773842301, guid: 024accb1c14f37e45a81cec51ad7b263,
        type: 3}
      propertyPath: scoreText
      value: 
      objectReference: {fileID: 660214219}
    - target: {fileID: 4926925440773842301, guid: 024accb1c14f37e45a81cec51ad7b263,
        type: 3}
      propertyPath: objectiveText
      value: 
      objectReference: {fileID: 164526136}
    - target: {fileID: 4926925440773842301, guid: 024accb1c14f37e45a81cec51ad7b263,
        type: 3}
      propertyPath: healthBar
      value: 
      objectReference: {fileID: 257370497}
    m_RemovedComponents: []
  m_SourcePrefab: {fileID: 100100000, guid: 024accb1c14f37e45a81cec51ad7b263, type: 3}
--- !u!1001 &5856958746568307488
PrefabInstance:
  m_ObjectHideFlags: 0
  serializedVersion: 2
  m_Modification:
    m_TransformParent: {fileID: 0}
    m_Modifications:
    - target: {fileID: 5856958745758347019, guid: 1ea47232718471948b6ae78b750f7762,
        type: 3}
      propertyPath: m_Name
      value: AudioManager
      objectReference: {fileID: 0}
    - target: {fileID: 5856958745758347021, guid: 1ea47232718471948b6ae78b750f7762,
        type: 3}
      propertyPath: m_LocalPosition.x
      value: 0
      objectReference: {fileID: 0}
    - target: {fileID: 5856958745758347021, guid: 1ea47232718471948b6ae78b750f7762,
        type: 3}
      propertyPath: m_LocalPosition.y
      value: 0
      objectReference: {fileID: 0}
    - target: {fileID: 5856958745758347021, guid: 1ea47232718471948b6ae78b750f7762,
        type: 3}
      propertyPath: m_LocalPosition.z
      value: 0
      objectReference: {fileID: 0}
    - target: {fileID: 5856958745758347021, guid: 1ea47232718471948b6ae78b750f7762,
        type: 3}
      propertyPath: m_LocalRotation.x
      value: 0
      objectReference: {fileID: 0}
    - target: {fileID: 5856958745758347021, guid: 1ea47232718471948b6ae78b750f7762,
        type: 3}
      propertyPath: m_LocalRotation.y
      value: 0
      objectReference: {fileID: 0}
    - target: {fileID: 5856958745758347021, guid: 1ea47232718471948b6ae78b750f7762,
        type: 3}
      propertyPath: m_LocalRotation.z
      value: 0
      objectReference: {fileID: 0}
    - target: {fileID: 5856958745758347021, guid: 1ea47232718471948b6ae78b750f7762,
        type: 3}
      propertyPath: m_LocalRotation.w
      value: 1
      objectReference: {fileID: 0}
    - target: {fileID: 5856958745758347021, guid: 1ea47232718471948b6ae78b750f7762,
        type: 3}
      propertyPath: m_RootOrder
      value: 2
      objectReference: {fileID: 0}
    - target: {fileID: 5856958745758347021, guid: 1ea47232718471948b6ae78b750f7762,
        type: 3}
      propertyPath: m_LocalEulerAnglesHint.x
      value: 0
      objectReference: {fileID: 0}
    - target: {fileID: 5856958745758347021, guid: 1ea47232718471948b6ae78b750f7762,
        type: 3}
      propertyPath: m_LocalEulerAnglesHint.y
      value: 0
      objectReference: {fileID: 0}
    - target: {fileID: 5856958745758347021, guid: 1ea47232718471948b6ae78b750f7762,
        type: 3}
      propertyPath: m_LocalEulerAnglesHint.z
      value: 0
      objectReference: {fileID: 0}
    m_RemovedComponents: []
  m_SourcePrefab: {fileID: 100100000, guid: 1ea47232718471948b6ae78b750f7762, type: 3}
--- !u!1001 &8646824045745012337
PrefabInstance:
  m_ObjectHideFlags: 0
  serializedVersion: 2
  m_Modification:
    m_TransformParent: {fileID: 0}
    m_Modifications:
    - target: {fileID: 8646824047139899286, guid: 70a1368c0f019244b82a3d36109c6ec6,
        type: 3}
      propertyPath: m_LocalPosition.x
      value: 50
      objectReference: {fileID: 0}
    - target: {fileID: 8646824047139899286, guid: 70a1368c0f019244b82a3d36109c6ec6,
        type: 3}
      propertyPath: m_LocalPosition.y
      value: 3
      objectReference: {fileID: 0}
    - target: {fileID: 8646824047139899286, guid: 70a1368c0f019244b82a3d36109c6ec6,
        type: 3}
      propertyPath: m_LocalPosition.z
      value: 0
      objectReference: {fileID: 0}
    - target: {fileID: 8646824047139899286, guid: 70a1368c0f019244b82a3d36109c6ec6,
        type: 3}
      propertyPath: m_LocalRotation.x
      value: 0.19177055
      objectReference: {fileID: 0}
    - target: {fileID: 8646824047139899286, guid: 70a1368c0f019244b82a3d36109c6ec6,
        type: 3}
      propertyPath: m_LocalRotation.y
      value: -0.47182778
      objectReference: {fileID: 0}
    - target: {fileID: 8646824047139899286, guid: 70a1368c0f019244b82a3d36109c6ec6,
        type: 3}
      propertyPath: m_LocalRotation.z
      value: 0.13233618
      objectReference: {fileID: 0}
    - target: {fileID: 8646824047139899286, guid: 70a1368c0f019244b82a3d36109c6ec6,
        type: 3}
      propertyPath: m_LocalRotation.w
      value: 0.8503469
      objectReference: {fileID: 0}
    - target: {fileID: 8646824047139899286, guid: 70a1368c0f019244b82a3d36109c6ec6,
        type: 3}
      propertyPath: m_RootOrder
      value: 5
      objectReference: {fileID: 0}
    - target: {fileID: 8646824047139899286, guid: 70a1368c0f019244b82a3d36109c6ec6,
        type: 3}
      propertyPath: m_LocalEulerAnglesHint.x
      value: 0
      objectReference: {fileID: 0}
    - target: {fileID: 8646824047139899286, guid: 70a1368c0f019244b82a3d36109c6ec6,
        type: 3}
      propertyPath: m_LocalEulerAnglesHint.y
      value: 0
      objectReference: {fileID: 0}
    - target: {fileID: 8646824047139899286, guid: 70a1368c0f019244b82a3d36109c6ec6,
        type: 3}
      propertyPath: m_LocalEulerAnglesHint.z
      value: 0
      objectReference: {fileID: 0}
    - target: {fileID: 8646824047139899287, guid: 70a1368c0f019244b82a3d36109c6ec6,
        type: 3}
      propertyPath: m_Name
      value: Temple
      objectReference: {fileID: 0}
    m_RemovedComponents: []
  m_SourcePrefab: {fileID: 100100000, guid: 70a1368c0f019244b82a3d36109c6ec6, type: 3}
